<?xml version="1.0" encoding="UTF-8"?><collection xmlns="http://www.loc.gov/MARC21/slim"><record><leader>00480nam--2200181-i-4500</leader><controlfield tag="001">000034088</controlfield><controlfield tag="002">20161230</controlfield><controlfield tag="005">20161230201039</controlfield><controlfield tag="008">060222s1000------------r-----000-0-eng-d</controlfield><datafield ind1=" " ind2=" " tag="040"><subfield code="a">IFIN-HH</subfield></datafield><datafield ind1=" " ind2=" " tag="080"><subfield code="a">539.23:546.883</subfield></datafield><datafield ind1="1" ind2=" " tag="100"><subfield code="a">Westwood, W.D</subfield></datafield><datafield ind1="1" ind2="0" tag="245"><subfield code="a">Tantalum thin films</subfield><subfield code="c">W.d. westwood, n. waterhouse, p.s. wilcox</subfield></datafield><datafield ind1=" " ind2=" " tag="260"><subfield code="a">London</subfield><subfield code="b">Academic Press</subfield><subfield code="c">1975</subfield></datafield><datafield ind1=" " ind2=" " tag="300"><subfield code="a">XIII+436P</subfield></datafield><datafield ind1="1" ind2=" " tag="700"><subfield code="a">Wilcox, P.S</subfield></datafield><datafield ind1=" " ind2=" " tag="852"><subfield code="a">43314</subfield><subfield code="c">539.23</subfield></datafield><datafield ind1=" " ind2=" " tag="CAT"><subfield code="a">Sys</subfield><subfield code="c">20121218</subfield><subfield code="h">120538</subfield></datafield></record></collection>